@misc{snap,
    author = "Jure Leskovec",
    title = "Stanford Large Network Dataset Collection",
    url  = "\url{https://snap.stanford.edu/data/}",
    addendum = "(accessed: 27.05.2021)"
}
@article{suitesparse-data,
    author  = "GTimothy A. Davis and Yifan Hu",
    title   = "The University of Florida Sparse Matrix Collection.",
    year    = "2011",
    journal = "ACM Transactions on Mathematical Software",
    volume  = "38",
    number  = "Article 1 (December 2011)",
    pages   = "25"
}
@article{suitesparse-research,
    author  = "Scott P. Kolodziej and Mohsen Aznaveh and Matthew Bullock and Jarrett David and
    Timothy A. Davis and Matthew Henderson and Yifan Hu and Read Sandstrom",
    title   = "The SuiteSparse Matrix Collection Website Interface",
    year    = "2019",
    journal = "Journal of Open Source Software",
    volume  = "4",
    number  = "35 (March 2019)",
    pages   = "1244-1248"
}
@misc{csgraph,
    author = "scipy.org",
    title = "scipy.sparse.csgraph.bellman\_ford",
    url  = "\url{https://docs.scipy.org/doc/scipy/reference/generated/scipy.sparse.csgraph.bellman_ford.html#scipy-sparse-csgraph-bellman-ford}",
    addendum = "(accessed: 27.05.2021)"
}

