@misc{filter,
    author = "Lode Vandevenne",
    title = "Lode's Computer Graphics Tutorial. Image Filtering",
    url  = "\url{https://lodev.org/cgtutor/filtering.html}",
    addendum = "(accessed: 25.10.2021)"
}
@misc{openmp,
    author = {{OpenMP Architecture Review Board}},
    title = {{OpenMP} Application Program Interface Version 3.0},
    month = may,
    year = 2008,
    url = {http://www.openmp.org/mp-documents/spec30.pdf}
}

@misc{gtk3,
    author = "GTK",
    title = "The GTK toolkit v3.0 documentation",
    url  = "\url{https://docs.gtk.org/gtk3/index.html}",
    addendum = "(accessed: 25.10.2021)"
}
@misc{opencl,
    author = "Khronos OpenCL Working Group",
    title = "The OpenCL Specification",
    url  = "\url{https://www.khronos.org/registry/OpenCL/specs/opencl-1.2.pdf}",
    addendum = "(accessed: 25.10.2021)"
}

@misc{filesamlpes,
    author = "Free Samples",
    title = "Get file samples to use for testing purposes.",
    url  = "\url{https://filesamples.com/formats/bmp}",
    addendum = "(accessed: 25.10.2021)"
}

@misc{mailbox,
    author = "Hugh C. Lauer ",
    title = "CS 3013 & CS 502 Operating Systems. WPI, Summer 2006",
    url  = "\url{http://web.cs.wpi.edu/~cs3013/e06/Project%202%20(Threads%20and%20Mailboxes).htm}",
    addendum = "(accessed: 25.10.2021)"
}
